@book{kolmogorov1956,
	author = "A. N. Kolmogorov",
	title = "Foundations of the Theory of Probability",
	year = "1956",
	publisher = "Chelsea Publishing Company",
	pagetotal = "84",
	edition = "2"
}

@book{vickers1989,
	author = "Steven Vickers",
	title = "Topology via Logic",
	year = "1989",
	isbn = "0-521-36062-5",
	publisher = "Cambridge University Press",
	pagetotal = "200",
	edition = "1"
}

@article{kolmogorov1995,
 ISSN = {00318116, 15730883},
 URL = {http://www.jstor.org/stable/4320553},
 author = {A. N. Kolmogorov and Richard Jeffrey},
 journal = {Philosophical Studies: An International Journal for Philosophy in the Analytic Tradition},
 number = {1},
 pages = {57--66},
 publisher = {Springer},
 title = {Complete Metric Boolean Algebras},
 volume = {77},
 year = {1995}
}

@book{daveypriestley2002,
	author = "B. A. Davey and H. A. Priestley",
	title = "Introduction to Lattices and Order",
	year = "2002",
	isbn = "978-0-521-78451-1",
	publisher = "Cambridge University Press",
	pagetotal = "298",
	edition = "2"
}

@book{willard,
	author = "Stephen Willard",
	title = "General Topology",
	year = "1970",
	publisher = "Addison-Wesley Publishing Company, Inc.",
	pagetotal = "369"
}

@book{billingsley1995,
	author = "Patrick Billingsley",
	title = "Probability and Measure",
	year = "1995",
	isbn = "0-471-00710-2",
	publisher = "Wiley",
	pagetotal = "593",
	edition = "3"
}